@electronic{bayesian_network,
 author   =  {},
 title     = {Bayesian networks},
}

% url = {https://dtai.cs.kuleuven.be/problog/tutorial/basic 02_bayes},