@inproceedings{oztok2015top,
  title={A Top-Down Compiler for Sentential Decision Diagrams.},
  author={Oztok, Umut and Darwiche, Adnan},
  booktitle={IJCAI},
  pages={3141--3148},
  year={2015}
}

@inproceedings{thurley2006sharpsat,
	title={sharpSAT--counting models with advanced component caching and implicit BCP},
	author={Thurley, Marc},
	booktitle={International Conference on Theory and Applications of Satisfiability Testing},
	pages={424--429},
	year={2006},
	organization={Springer}
}
